<record><leader>04419cam a2200505 i 4500</leader><controlfield tag="001">6804878</controlfield><controlfield tag="003">OCoLC</controlfield><controlfield tag="005">20150302110236.0</controlfield><controlfield tag="008">140730s2015    miuab    b    001 0 eng  </controlfield><datafield ind1=" " ind2=" " tag="010"><subfield code="a">  2014030222</subfield></datafield><datafield ind1=" " ind2=" " tag="020"><subfield code="a">9780737772623</subfield><subfield code="q">hardback</subfield></datafield><datafield ind1=" " ind2=" " tag="020"><subfield code="a">073777262X</subfield><subfield code="q">hardback</subfield></datafield><datafield ind1=" " ind2=" " tag="020"><subfield code="a">9780737772630</subfield><subfield code="q">paperback</subfield></datafield><datafield ind1=" " ind2=" " tag="020"><subfield code="a">0737772638</subfield></datafield><datafield ind1=" " ind2=" " tag="035"><subfield code="a">ocn885148380</subfield></datafield><datafield ind1=" " ind2=" " tag="037"><subfield code="a">1379504</subfield><subfield code="b">QBI</subfield></datafield><datafield ind1=" " ind2=" " tag="039"><subfield code="a">exclude</subfield></datafield><datafield ind1=" " ind2=" " tag="040"><subfield code="a">DLC</subfield><subfield code="e">rda</subfield><subfield code="b">eng</subfield><subfield code="c">DLC</subfield><subfield code="d">QBX</subfield><subfield code="d">YDXCP</subfield><subfield code="d">BTCTA</subfield><subfield code="d">BDX</subfield><subfield code="d">IBI</subfield><subfield code="d">OCLCO</subfield><subfield code="d">FM0</subfield><subfield code="d">OCLCF</subfield><subfield code="d">AEU</subfield></datafield><datafield ind1=" " ind2=" " tag="042"><subfield code="a">pcc</subfield></datafield><datafield ind1="0" ind2="0" tag="050"><subfield code="a">R726</subfield><subfield code="b">.E77518 2015</subfield></datafield><datafield ind1="0" ind2="0" tag="082"><subfield code="a">179.7</subfield><subfield code="2">23</subfield></datafield><datafield ind1="1" ind2="4" tag="082"><subfield code="a">179.7</subfield><subfield code="2">15</subfield></datafield><datafield ind1=" " ind2=" " tag="084"><subfield code="a">JNF053030</subfield><subfield code="a">JNF052000</subfield><subfield code="a">JNF030000</subfield><subfield code="2">bisacsh</subfield></datafield><datafield ind1=" " ind2=" " tag="090"><subfield code="a">179.7 HAE EUT</subfield><subfield code="b">ACHCU</subfield></datafield><datafield ind1=" " ind2=" " tag="090"><subfield code="a">R 726 E775 2015</subfield><subfield code="b">AGPC</subfield></datafield><datafield ind1=" " ind2=" " tag="090"><subfield code="a">R726 .E77518 2015</subfield><subfield code="b">AEGMCT</subfield></datafield><datafield ind1="0" ind2=" " tag="130"><subfield code="a">Euthanasia (Opposing viewpoints series (Unnumbered) : 2015)</subfield></datafield><datafield ind1="1" ind2="0" tag="245"><subfield code="a">Euthanasia /</subfield><subfield code="c">Margaret Haerens, book editor.</subfield></datafield><datafield ind1=" " ind2="1" tag="264"><subfield code="a">Farmington Hills, Mich. :</subfield><subfield code="b">Greenhaven Press, a part of Gale, Cengage Learning,</subfield><subfield code="c">[2015]</subfield></datafield><datafield ind1=" " ind2=" " tag="300"><subfield code="a">232 pages :</subfield><subfield code="b">illustrations, map ;</subfield><subfield code="c">24 cm</subfield></datafield><datafield ind1=" " ind2=" " tag="336"><subfield code="a">text</subfield><subfield code="2">rdacontent</subfield></datafield><datafield ind1=" " ind2=" " tag="337"><subfield code="a">unmediated</subfield><subfield code="2">rdamedia</subfield></datafield><datafield ind1=" " ind2=" " tag="338"><subfield code="a">volume</subfield><subfield code="2">rdacarrier</subfield></datafield><datafield ind1="1" ind2=" " tag="490"><subfield code="a">Opposing viewpoints</subfield></datafield><datafield ind1=" " ind2=" " tag="504"><subfield code="a">Includes bibliographical references (pages 213-216) and index.</subfield></datafield><datafield ind1="0" ind2="0" tag="505"><subfield code="g">ch. 1.</subfield><subfield code="t">Should governments allow euthanasia and physician-assisted suicide? Euthanasia should be legal /</subfield><subfield code="r">Howard Ball --</subfield><subfield code="t">Euthanasia should not be legal /</subfield><subfield code="r">Bill Muehlenberg --</subfield><subfield code="t">Euthanasia should be illegal but tacitly permitted /</subfield><subfield code="r">Brendan O'Neill --</subfield><subfield code="t">Palliative care is a better option for the terminally ill than euthanasia /</subfield><subfield code="r">Adam J. MacLeod --</subfield><subfield code="t">Euthanasia: hope you never need it, but be glad the option is there /</subfield><subfield code="r">Philip Nitschke --</subfield><subfield code="t">There is a right to die /</subfield><subfield code="r">Peter Singer --</subfield><subfield code="t">Liberals should be wary of assisted suicide /</subfield><subfield code="r">E.J. Dionne --</subfield><subfield code="g">ch. 2.</subfield><subfield code="t">What effect does euthanasia have on individuals and society? Euthanasia is merciful and reasonable /</subfield><subfield code="r">Terry Pratchett --</subfield><subfield code="t">Euthanasia is barbarous and immoral /</subfield><subfield code="r">Rosie DiManno --</subfield><subfield code="t">Euthanasia respects individual autonomy and requires deliberation /</subfield><subfield code="r">Mars Cramer --</subfield><subfield code="t">Euthanasia devalues human life and limits individual freedom /</subfield><subfield code="r">United States Conference of Catholic Bishops --</subfield><subfield code="t">Legalizing euthanasia can become a slippery slope /</subfield><subfield code="r">Sherif Emil --</subfield><subfield code="t">There is no evidence that legalizing euthanasia will lead to a slippery slope /</subfield><subfield code="r">Dan Gardner --</subfield><subfield code="t">Legalizing euthanasia leads to a stronger and more compassionate society /</subfield><subfield code="r">Steve Siebold --</subfield><subfield code="t">Legalizing euthanasia has a negative impact on society /</subfield><subfield code="r">Tom Mortier and Steven Bieseman --</subfield><subfield code="g">ch. 3.</subfield><subfield code="t">What controversies impact the euthanasia debate? Child euthanasia should be allowed /</subfield><subfield code="r">Luke J. Davies --</subfield><subfield code="t">Euthanasia for children is wrong-- as Belgium proposes new law /</subfield><subfield code="r">Charles Foster --</subfield><subfield code="t">Euthanasia should be allowed for emotional suffering /</subfield><subfield code="r">Mary Elizabeth Williams --</subfield><subfield code="t">Euthanasia should not be allowed for emotional suffering /</subfield><subfield code="r">Tim Stanley --</subfield><subfield code="t">Massachusetts vote may change how the nation dies /</subfield><subfield code="r">Lewis M. Cohen --</subfield><subfield code="t">Physicians should not play a role in assisted suicide /</subfield><subfield code="r">Chethan Sathya --</subfield><subfield code="g">ch. 4.</subfield><subfield code="t">How does the Affordable Care Act affect the euthanasia debate? Canada has death panels /</subfield><subfield code="r">Adam Goldenberg --</subfield><subfield code="t">Death panels are inevitable as long as health care is considered a commodity /</subfield><subfield code="r">James Ridgeway --</subfield><subfield code="t">The Affordable Care Act death panels are a myth /</subfield><subfield code="r">Linda Milazzo --</subfield><subfield code="t">ObamaCare is to euthanasia what Roe v. Wade was to abortion /</subfield><subfield code="r">Brian J. Kopp --</subfield><subfield code="t">The Affordable Care Act could bring attention to the Death with Dignity movement /</subfield><subfield code="r">Roy Speckhardt.</subfield></datafield><datafield ind1=" " ind2=" " tag="520"><subfield code="a">"Opposing Viewpoints is the leading source for libraries and classrooms in need of current-issue materials. The viewpoints are selected from a wide range of highly respected sources and publications"--</subfield><subfield code="c">Provided by publisher.</subfield></datafield><datafield ind1=" " ind2=" " tag="596"><subfield code="a">23 28 55</subfield></datafield><datafield ind1=" " ind2="0" tag="650"><subfield code="a">Euthanasia.</subfield></datafield><datafield ind1="1" ind2=" " tag="700"><subfield code="a">Haerens, Margaret,</subfield><subfield code="e">editor.</subfield></datafield><datafield ind1=" " ind2="0" tag="830"><subfield code="a">Opposing viewpoints series (Unnumbered)</subfield></datafield><datafield ind1=" " ind2=" " tag="949"><subfield code="a">R726 .E77518 2015</subfield><subfield code="h">GMAC-OS-B</subfield><subfield code="i">1007402959</subfield><subfield code="p">56.52</subfield><subfield code="k">AVAIL_SOON</subfield></datafield><datafield ind1=" " ind2=" " tag="926"><subfield code="a">R726 .E77518 2015</subfield><subfield code="w">LC</subfield><subfield code="c">1</subfield><subfield code="i">1007402959</subfield><subfield code="d">7/28/2015</subfield><subfield code="e">6/9/2015</subfield><subfield code="k">LOST-ASSUM</subfield><subfield code="l">ON_SHELF</subfield><subfield code="m">GR_MAC_ACC</subfield><subfield code="n">2</subfield><subfield code="p">$56.52</subfield><subfield code="r">M</subfield><subfield code="s">Y</subfield><subfield code="t">BOOK</subfield><subfield code="u">3/10/2015</subfield></datafield><datafield ind1=" " ind2=" " tag="926"><subfield code="a">R 726 E775 2015</subfield><subfield code="w">LC</subfield><subfield code="c">1</subfield><subfield code="i">31847001275632</subfield><subfield code="d">10/31/2016</subfield><subfield code="e">10/31/2016</subfield><subfield code="k">MISSING</subfield><subfield code="l">ON_SHELF</subfield><subfield code="m">GPRC_GP</subfield><subfield code="p">$150.00</subfield><subfield code="r">M</subfield><subfield code="s">Y</subfield><subfield code="t">BOOK</subfield><subfield code="u">5/26/2015</subfield></datafield><datafield ind1=" " ind2=" " tag="926"><subfield code="a">179.7 HAE EUT</subfield><subfield code="w">DEWEY</subfield><subfield code="c">1</subfield><subfield code="i">32860001080059</subfield><subfield code="l">CURRICULUM</subfield><subfield code="m">BURMAN</subfield><subfield code="r">Y</subfield><subfield code="s">Y</subfield><subfield code="t">LOCAL_LOAN</subfield><subfield code="u">3/8/2016</subfield></datafield></record>